<collection xmlns="http://www.loc.gov/MARC21/slim">
<record>
  <leader>01325nam0a2200265 i 450 </leader>
  <controlfield tag="001">IT\ICCU\CNCE\010959</controlfield>
  <controlfield tag="005">20070503000000.0</controlfield>
  <datafield tag="012" ind1=" " ind2=" ">
    <subfield code="a">use- ++++ o-an didi (3) 1582 (R)</subfield>
    <subfield code="2">fei</subfield>
  </datafield>
  <datafield tag="100" ind1=" " ind2=" ">
    <subfield code="a">19970101d1582        0itac0103    ba</subfield>
  </datafield>
  <datafield tag="101" ind1=" " ind2=" ">
    <subfield code="a">LAT</subfield>
  </datafield>
  <datafield tag="102" ind1=" " ind2=" ">
    <subfield code="a">IT</subfield>
  </datafield>
  <datafield tag="200" ind1="1" ind2=" ">
    <subfield code="a">Statuta \d!amnorum datorum almae ciuitatis Caesenae. Cum decretis super eisdem ill.orum ac rev.orum cardinalium Sfortiae, &amp; Vercell. de latere legatorum</subfield>
  </datafield>
  <datafield tag="210" ind1=" " ind2=" ">
    <subfield code="a">Caesenae</subfield>
    <subfield code="c">apud Bartholomaeum Rauerium</subfield>
    <subfield code="d">1582</subfield>
  </datafield>
  <datafield tag="215" ind1=" " ind2=" ">
    <subfield code="a">32 c.</subfield>
    <subfield code="d">4ʻ</subfield>
  </datafield>
  <datafield tag="620" ind1=" " ind2=" ">
    <subfield code="a">IT</subfield>
    <subfield code="d">Cesena</subfield>
  </datafield>
  <datafield tag="710" ind1="0" ind2="2">
    <subfield code="a">Cesena</subfield>
    <subfield code="3">IT\ICCU\CNCT\002960</subfield>
  </datafield>
  <datafield tag="712" ind1="0" ind2="0">
    <subfield code="a">Raverio, Bartolomeo</subfield>
    <subfield code="3">IT\ICCU\CNCT\000836</subfield>
    <subfield code="4">650</subfield>
  </datafield>
  <datafield tag="791" ind1="0" ind2="0">
    <subfield code="a">Raverius, Bartholomaeus</subfield>
    <subfield code="3">IT\ICCU\CNCT\005321</subfield>
    <subfield code="z">Raverio, Bartolomeo</subfield>
  </datafield>
  <datafield tag="791" ind1="0" ind2="0">
    <subfield code="a">Raverii, Bartolomeo</subfield>
    <subfield code="3">IT\ICCU\CNCT\005322</subfield>
    <subfield code="z">Raverio, Bartolomeo</subfield>
  </datafield>
  <datafield tag="801" ind1=" " ind2="3">
    <subfield code="a">IT</subfield>
    <subfield code="b">ICCU</subfield>
    <subfield code="c">20201113</subfield>
  </datafield>
  <datafield tag="899" ind1=" " ind2=" ">
    <subfield code="a">Biblioteca del Consiglio dell&apos;Ordine degli avvocati. Bologna</subfield>
    <subfield code="1">BO0559</subfield>
    <subfield code="2">ZBO 27</subfield>
  </datafield>
  <datafield tag="899" ind1=" " ind2=" ">
    <subfield code="a">Biblioteca comunale Aurelio Saffi. Forl</subfield>
    <subfield code="z">MUTILO</subfield>
    <subfield code="1">FC0018</subfield>
    <subfield code="2">RAV FO</subfield>
  </datafield>
  <datafield tag="899" ind1=" " ind2=" ">
    <subfield code="a">Biblioteca comunale Classense. Ravenna</subfield>
    <subfield code="1">RA0036</subfield>
    <subfield code="2">RAV CL</subfield>
  </datafield>
  <datafield tag="911" ind1=" " ind2=" ">
    <subfield code="a">nel front.</subfield>
    <subfield code="9">IT\ICCU\CNCM\000426</subfield>
  </datafield>
  <datafield tag="921" ind1=" " ind2=" ">
    <subfield code="a">IT\ICCU\CNCM\000426</subfield>
    <subfield code="b">Cigno ad ali spiegate sulla riva di un fiume tiene nel becco un nastro con il motto. In cornice figurata</subfield>
    <subfield code="e">Eternitati.</subfield>
    <subfield code="c">V37</subfield>
    <subfield code="c">Z351</subfield>
    <subfield code="d">Dimensioni: 6 x 7</subfield>
    <subfield code="f">ETERNITATI</subfield>
    <subfield code="f">FENICE</subfield>
    <subfield code="g">1576-1600</subfield>
  </datafield>
</record>
</collection>
